@comment{ ########################################## }
@comment{ ##   This file is auto generated.       ## }
@comment{ ##   Edit the corresponding bbx file.   ## }
@comment{ ########################################## }


@string{ AJNR     = "Am. J. of Neuroradiology."}
@string{ AJO      = "Am. J. of Ophthalmol."}
@string{ AN       = "Annals of Neurology"}
@string{ B        = "Brain"}
@string{ BBINF    = "BMC Bioinformatics"}
@string{ BOE      = "Biomed. Opt. Express"}
@string{ CBM      = "Computers in Biology and Medicine"}
@string{ CC       = "Cerebral Cortex"}
@string{ CVIU     = "Comput. Vis. Image Und."}
@string{ GM       = "Graphical Models"}
@string{ GMIP     = "Graphical Models and Image Processing"}
@string{ HBM      = "Human Brain Mapping"}
@string{ IEEE     = "IEEE"}
@string{ IJCV     = "International Journal of Computer Vision"}
@string{ IOVS     = "Invest. Ophthalmol. Vis. Sci."}
@string{ JBI      = "J. Biomedical Imaging"}
@string{ JMI      = "Jrnl. of Medical Imaging"}
@string{ JN       = "J. Neurology"}
@string{ L        = "Lancet"}
@string{ LN       = "Lancet Neurology"}
@string{ LNCS     = "Lecture Notes in Computer Science"}
@string{ MIA      = "Medical Image Analysis"}
@string{ ML       = "Machine Learning"}
@string{ MP       = "Med. Phys."}
@string{ MRI      = "Mag. Reson. Im."}
@string{ MRM      = "Mag. Reson. Med."}
@string{ N        = "Neurology"}
@string{ NAT      = "Nature"}
@string{ NI       = "NeuroImage"}
@string{ NINF     = "Neuroinformatics"}
@string{ NN       = "Nature Neuroscience"}
@string{ NR       = "Neuroradiology"}
@string{ O        = "Ophthalmology"},
@string{ OE       = "Opt. Express"}
@string{ PNAS     = "Proc. Natl. Acad. Sci."}
@string{ PR       = "Pattern Recognition"}
@string{ PRL      = "Pattern Recognition Letters"}
@string{ R        = "Retina"}
@string{ S        = "Science"}
@string{ SBH      = "Springer Berlin Heidelberg"}
@string{ SP       = "Signal Processing"}
@string{ TIP      = "IEEE Trans. Imag. Proc."}
@string{ TIT      = "IEEE Trans. Info. Theory"}
@string{ TMI      = "IEEE Trans. Med. Imag."}
@string{ TPAMI    = "IEEE Trans. Patt. Anal. Mach. Intell."}



@string{ CVPR11   = "2011 IEEE Conference on Computer Vision and
Pattern Recognition~(CVPR)"}



@string{ ECCV08   = "2008 European Conference on Computer Vision~(ECCV
2008)"}
@string{ ECCV10   = "2010 European Conference on Computer Vision~(ECCV
2010)"}



@string{ EMBC15   = "Engineering in Medicine and Biology
Society~(EMBC), 2015 37$^{\mbox{\tiny{th}}}$ Annual International
Conference of the IEEE"}



@string{ ICIP00   = "International Conference on Image
Processing~(ICIP 2000), Vancouver, British Columbia, Canada, September
10-13, 2000"}



@string{ IPMI95   = "14$^{\mbox{\tiny{th}}}$ Inf. Proc. in Med. Imaging
(IPMI~1995)"}
@string{ IPMI97   = "15$^{\mbox{\tiny{th}}}$ Inf. Proc. in Med. Imaging
(IPMI~1997)"}
@string{ IPMI99   = "16$^{\mbox{\tiny{th}}}$ Inf. Proc. in Med. Imaging
(IPMI~1999)"}
@string{ IPMI01   = "17$^{\mbox{\tiny{th}}}$ Inf. Proc. in Med. Imaging
(IPMI~2001)"}
@string{ IPMI03   = "18$^{\mbox{\tiny{th}}}$ Inf. Proc. in Med. Imaging
(IPMI~2003)"}
@string{ IPMI05   = "19$^{\mbox{\tiny{th}}}$ Inf. Proc. in Med. Imaging
(IPMI~2005)"}
@string{ IPMI07   = "20$^{\mbox{\tiny{th}}}$ Inf. Proc. in Med. Imaging
(IPMI~2007)"}
@string{ IPMI09   = "21$^{\mbox{\tiny{st}}}$ Inf. Proc. in Med. Imaging
(IPMI~2009)"}
@string{ IPMI11   = "22$^{\mbox{\tiny{nd}}}$ Inf. Proc. in Med. Imaging
(IPMI~2011)"}
@string{ IPMI13   = "23$^{\mbox{\tiny{rd}}}$ Inf. Proc. in Med. Imaging
(IPMI~2013)"}
@string{ IPMI15   = "24$^{\mbox{\tiny{th}}}$ Inf. Proc. in Med. Imaging
(IPMI~2015)"}



@string{ ISBI02   = "1$^{\mbox{\tiny{st}}}$ International Symposium on
Biomedical Imaging~(ISBI~2002)"}
@string{ ISBI04   = "2$^{\mbox{\tiny{nd}}}$ International Symposium on
Biomedical Imaging~(ISBI~2004)"}
@string{ ISBI06   = "3$^{\mbox{\tiny{rd}}}$ International Symposium on
Biomedical Imaging~(ISBI~2006)"}
@string{ ISBI07   = "4$^{\mbox{\tiny{th}}}$ International Symposium on
Biomedical Imaging~(ISBI~2007)"}
@string{ ISBI08   = "5$^{\mbox{\tiny{th}}}$ International Symposium on
Biomedical Imaging~(ISBI~2008)"}
@string{ ISBI09   = "6$^{\mbox{\tiny{th}}}$ International Symposium on
Biomedical Imaging~(ISBI~2009)"}
@string{ ISBI10   = "7$^{\mbox{\tiny{th}}}$ International Symposium on
Biomedical Imaging~(ISBI~2010)"}
@string{ ISBI11   = "8$^{\mbox{\tiny{th}}}$ International Symposium on
Biomedical Imaging~(ISBI~2011)"}
@string{ ISBI12   = "9$^{\mbox{\tiny{th}}}$ International Symposium on
Biomedical Imaging~(ISBI~2012)"}
@string{ ISBI13   = "10$^{\mbox{\tiny{th}}}$ International Symposium
on Biomedical Imaging~(ISBI~2013)"}
@string{ ISBI14   = "11$^{\mbox{\tiny{th}}}$ International Symposium
on Biomedical Imaging~(ISBI~2014)"}
@string{ ISBI15   = "12$^{\mbox{\tiny{th}}}$ International Symposium
on Biomedical Imaging~(ISBI~2015)"}



@string{ ISMRM10  = "18$^{\mbox{\tiny{th}}}$ imeeting of the
International Society for Magnetic Resonance in
Medicine~(ISMRM~2010)"}



@string{ MICCAI01 = "4$^{\mbox{\tiny{th}}}$ International Conference
on Medical Image Computing and Computer Assisted
Intervention~(MICCAI~2001)"}
@string{ MICCAI02 = "5$^{\mbox{\tiny{th}}}$ International Conference
on Medical Image Computing and Computer Assisted
Intervention~(MICCAI~2002)"}
@string{ MICCAI03 = "6$^{\mbox{\tiny{th}}}$ International Conference
on Medical Image Computing and Computer Assisted
Intervention~(MICCAI~2003)"}
@string{ MICCAI04 = "7$^{\mbox{\tiny{th}}}$ International Conference
on Medical Image Computing and Computer Assisted
Intervention~(MICCAI~2004)"}
@string{ MICCAI05 = "8$^{\mbox{\tiny{th}}}$ International Conference
on Medical Image Computing and Computer Assisted
Intervention~(MICCAI~2005)"}
@string{ MICCAI06 = "9$^{\mbox{\tiny{th}}}$ International Conference
on Medical Image Computing and Computer Assisted
Intervention~(MICCAI~2006)"}
@string{ MICCAI07 = "10$^{\mbox{\tiny{th}}}$ International Conference
on Medical Image Computing and Computer Assisted
Intervention~(MICCAI~2007)"}
@string{ MICCAI08 = "11$^{\mbox{\tiny{th}}}$ International Conference
on Medical Image Computing and Computer Assisted
Intervention~(MICCAI~2008)"}
@string{ MICCAI09 = "12$^{\mbox{\tiny{th}}}$ International Conference
on Medical Image Computing and Computer Assisted
Intervention~(MICCAI~2009)"}
@string{ MICCAI10 = "13$^{\mbox{\tiny{th}}}$ International Conference
on Medical Image Computing and Computer Assisted
Intervention~(MICCAI~2010)"}
@string{ MICCAI11 = "14$^{\mbox{\tiny{th}}}$ International Conference
on Medical Image Computing and Computer Assisted
Intervention~(MICCAI~2011)"}
@string{ MICCAI12 = "15$^{\mbox{\tiny{th}}}$ International Conference
on Medical Image Computing and Computer Assisted
Intervention~(MICCAI~2012)"}
@string{ MICCAI13 = "16$^{\mbox{\tiny{th}}}$ International Conference
on Medical Image Computing and Computer Assisted
Intervention~(MICCAI~2013)"}
@string{ MICCAI14 = "17$^{\mbox{\tiny{th}}}$ International Conference
on Medical Image Computing and Computer Assisted
Intervention~(MICCAI~2014)"}
@string{ MICCAI15 = "18$^{\mbox{\tiny{th}}}$ International Conference
on Medical Image Computing and Computer Assisted
Intervention~(MICCAI~2015)"}
@string{ MICCAI16 = "19$^{\mbox{\tiny{th}}}$ International Conference
on Medical Image Computing and Computer Assisted
Intervention~(MICCAI~2016)"}



@string{ SPIE03   = "Proceedings of SPIE Medical Imaging~(SPIE-MI
2003)"}
@string{ SPIE05   = "Proceedings of SPIE Medical Imaging~(SPIE-MI
2005), San Diego, CA, February 19-21, 2005"}
@string{ SPIE10   = "Proceedings of SPIE Medical Imaging~(SPIE-MI
2010), San Diego, CA, February 14-17, 2010"}
@string{ SPIE11   = "Proceedings of SPIE Medical Imaging~(SPIE-MI
2011), Orlando, FL, February 12-17, 2011"}
@string{ SPIE12   = "Proceedings of SPIE Medical Imaging~(SPIE-MI
2012), San Diego, CA, February 4-9, 2012"}
@string{ SPIE13   = "Proceedings of SPIE Medical Imaging~(SPIE-MI
2013), Orlando, FL, February 9-14, 2013"}
@string{ SPIE14   = "Proceedings of SPIE Medical Imaging~(SPIE-MI
2014), San Diego, CA, February 15-20, 2014"}
@string{ SPIE15   = "Proceedings of SPIE Medical Imaging~(SPIE-MI
2015), Orlando, FL, February 21-26, 2015"}
@string{ SPIE16   = "Proceedings of SPIE Medical Imaging~(SPIE-MI
2016), San Diego, CA, February 27-March 3, 2016"}




@article{bloom1970acm,
author  = {B.~H. Bloom},
title   = {{Space/Time Trade-offs in Hash Coding with Allowable
Errors}},
journal = {Commun. ACM},
volume  = {13},
number  = {7},
pages   = {422-426},
year    = {1970},
}


@article{li2012bioinformatics,
author  = {H. Li},
title   = {{Exploring single-sample SNP and INDEL calling with
whole-genome de novo assembly}},
journal = {Bioinformatics},
year    = {2012},
}


@inproceedings{chikhi2014recomb,
author    = {R. Chikhi and A. Limasset and S. Jackman and J~T. Simpson
and P. Medvedev},
title     = {{On the Representation of de Bruijn Graphs}},
bookTitle = {Research in Computational Molecular Biology: 18th Annual
International Conference, RECOMB 2014, Pittsburgh, PA, USA, April 2-5,
2014, Proceedings},
editor    = {R. Sharan},
publisher = {Springer International Publishing},
pages     = {35-55},
year      = {2014},
}


@article{wood2014gb,
author  = {D.~E. Wood and S.~L. Salzberg},
title   = {{Kraken: ultrafast metagenomic sequence classification
using exact alignments}},
journal = {Genome Biology},
volume  = {15},
pages   = {R46},
year    = {2014},
}


@article{patro2014nbioptech,
author  = {R. Patro and S.~M. Mount and C. Kingsford},
title   = {{Sailfish enables alignment-free isoform quantification
from RNA-seq reads using lightweight algorithms}},
journal = {Nature Biotechnology},
volume  = {32},
pages   = {462-464},
year    = {2014},
}


@article {patro2015bioRxiv,
author  = {R. Patro and G. Duggal and C. Kingsford},
title   = {Salmon: Accurate, Versatile and Ultrafast Quantification
from RNA-seq Data using Lightweight-Alignment},
journal = {bioRxiv},
publisher = {Cold Spring Harbor Labs Journals},
year    = {2015},
doi     = {10.1101/021592},
}


@article{hahn2016pcb,
author  = {L. Hahn and C.-A. Leimeister and R. Ounit and S. Lonardi
and B. Morgenstern},
title   = {{rasbhari: Optimizing Spaced Seeds for Database Searching,
Read Mapping and Alignment-Free Sequence Comparison}},
journal = {PLoS Comput Biol},
volume  = {12},
number  = {10},
pages   = {e1005107},
year    = {2016},
}


@inproceedings{orenstein2016aib,
author    =  {Y. Orenstein and D. Pellow and G. Mar{\c{c}}ais and R.
Shamir and C. Kingsford},
title     = {{Compact Universal k-mer Hitting Sets}},
bookTitle = {Algorithms in Bioinformatics: 16th International
Workshop, WABI 2016, Aarhus, Denmark, August 22-24, 2016. Proceedings},
editor    = {M. Frith and S. Pedersen and C. N{\o}rgaard},
publisher = {Springer International Publishing},
pages     = {257-268},
year      = {2016},
}


@article{bray2016,
author  = {N. Bray and H. Pimentel and P. Melsted and L. Pachter},
title   = {{Ultrafast accurate RNA-Seq analysis}},
journal = {}
}


